<record><leader>00000cas a22000007a 4500</leader><controlfield tag="001">25557176</controlfield><controlfield tag="008">920330d19uu193unyuwr ne      0    0eng d</controlfield><datafield ind1=" " ind2=" " tag="010"><subfield code="a">sn 92061515 </subfield></datafield><datafield ind1=" " ind2=" " tag="040"><subfield code="a">NYS</subfield><subfield code="b">eng</subfield><subfield code="c">NYS</subfield><subfield code="d">OCLCQ</subfield></datafield><datafield ind1=" " ind2=" " tag="042"><subfield code="a">msc</subfield></datafield><datafield ind1="0" ind2="0" tag="245"><subfield code="a">Liverpool review and the Liverpool telegraph.</subfield></datafield><datafield ind1="3" ind2="0" tag="246"><subfield code="a">Liverpool review</subfield></datafield><datafield ind1=" " ind2=" " tag="260"><subfield code="a">Liverpool, N.Y. :</subfield><subfield code="b">G.B. Sharrer</subfield></datafield><datafield ind1=" " ind2=" " tag="300"><subfield code="a">v. ;</subfield><subfield code="c">56 cm.</subfield></datafield><datafield ind1=" " ind2=" " tag="310"><subfield code="a">Weekly</subfield></datafield><datafield ind1=" " ind2=" " tag="500"><subfield code="a">Publishers: G.B. Sharrer, &lt;1931&gt;; Fritz Miller, &lt;1933&gt;.</subfield></datafield><datafield ind1=" " ind2=" " tag="500"><subfield code="a">Publisher's block gives place of publication as Baldwinsville.</subfield></datafield><datafield ind1=" " ind2=" " tag="588"><subfield code="a">Description based on: Vol. 6, no. 17 (Mar. 19, 1931).</subfield></datafield><datafield ind1=" " ind2="4" tag="651"><subfield code="a">Liverpool (N.Y.)</subfield><subfield code="v">Newspapers.</subfield></datafield><datafield ind1=" " ind2="4" tag="651"><subfield code="a">Baldwinsville (N.Y.)</subfield><subfield code="v">Newspapers.</subfield></datafield><datafield ind1=" " ind2=" " tag="752"><subfield code="a">United States</subfield><subfield code="b">New York</subfield><subfield code="c">Onondaga</subfield><subfield code="d">Liverpool.</subfield></datafield><datafield ind1=" " ind2=" " tag="752"><subfield code="a">United States</subfield><subfield code="b">New York</subfield><subfield code="c">Onondaga</subfield><subfield code="d">Baldwinsville.</subfield></datafield><datafield ind1="0" ind2="4" tag="780"><subfield code="t">Liverpool review (Liverpool, N.Y.)</subfield></datafield><datafield ind1="0" ind2="4" tag="780"><subfield code="t">Liverpool telegraph</subfield><subfield code="w">(DLC)sn 92061514</subfield><subfield code="w">(OCoLC)25557037</subfield></datafield><datafield ind1="0" ind2="0" tag="785"><subfield code="t">Liverpool review</subfield><subfield code="w">(DLC)sn 84031051</subfield><subfield code="w">(OCoLC)11151396</subfield></datafield></record>